%% This BibTeX bibliography file was created using BibDesk.
%% http://bibdesk.sourceforge.net/

%% Created for Kristin Day at 2016-05-04 18:52:44 -0400 


%% Saved with string encoding Unicode (UTF-8) 



@inproceedings{lee2006beyond,
	Author = {Lee, Minsuk and Cimino, James J and Zhu, Hai Ran and Sable, Carl and Shanker, Vijay and Ely, John W and Yu, Hong},
	Booktitle = {AMIA},
	Date-Added = {2016-05-04 22:51:08 +0000},
	Date-Modified = {2016-05-04 22:51:08 +0000},
	Title = {Beyond Information Retrieval-Medical Question Answering.},
	Year = {2006}}

@inproceedings{hofmann1999probabilistic,
	Author = {Hofmann, Thomas},
	Booktitle = {Proceedings of the 22nd annual international ACM SIGIR conference on Research and development in information retrieval},
	Date-Added = {2016-05-04 22:46:19 +0000},
	Date-Modified = {2016-05-04 22:46:19 +0000},
	Organization = {ACM},
	Pages = {50--57},
	Title = {Probabilistic latent semantic indexing},
	Year = {1999}}

@inproceedings{conrad2007opinion,
	Author = {Conrad, Jack G and Schilder, Frank},
	Booktitle = {Proceedings of the 11th international conference on Artificial intelligence and law},
	Date-Added = {2016-05-04 22:31:18 +0000},
	Date-Modified = {2016-05-04 22:31:18 +0000},
	Organization = {ACM},
	Pages = {231--236},
	Title = {Opinion mining in legal blogs},
	Year = {2007}}

@inproceedings{conrad2009query,
	Author = {Conrad, Jack G and Leidner, Jochen L and Schilder, Frank and Kondadadi, Ravi},
	Booktitle = {Proceedings of the 12th International Conference on Artificial Intelligence and Law},
	Date-Added = {2016-05-04 22:25:27 +0000},
	Date-Modified = {2016-05-04 22:25:27 +0000},
	Organization = {ACM},
	Pages = {167--176},
	Title = {Query-based opinion summarization for legal blog entries},
	Year = {2009}}

@book{Uijttenbroek2007,
	Address = {Centre of Electronic Dispute Resolution - CEDIRE.ORG, VU University Amsterdam},
	Author = {Uijttenbroek, E.M. and Lodder, A.R. and Klein, M.C.A. and Wildeboer, G.R. and Van Steenbergen, W. and Sie, R.L.L. and Huygen, P.E.M. and Van Harmelen, F.},
	Date-Added = {2016-05-04 22:14:47 +0000},
	Date-Modified = {2016-05-04 22:14:47 +0000},
	Isbn = {3540855688},
	Series = {Lecture Notes in Computer Science},
	Title = {Retrieval of case law to provide layman with information about liability: Preliminary results of the BEST-project.},
	Url = {http://proxyiub.uits.iu.edu/login?url=http://search.ebscohost.com.proxyiub.uits.iu.edu/login.aspx?direct=true&db=edselc&AN=edselc.2-52.0-56749157060&site=eds-live&scope=site},
	Volume = {4884 LNAI},
	Year = {2007},
	Bdsk-File-1 = {YnBsaXN0MDDUAQIDBAUGJCVYJHZlcnNpb25YJG9iamVjdHNZJGFyY2hpdmVyVCR0b3ASAAGGoKgHCBMUFRYaIVUkbnVsbNMJCgsMDxJXTlMua2V5c1pOUy5vYmplY3RzViRjbGFzc6INDoACgAOiEBGABIAFgAdccmVsYXRpdmVQYXRoWWFsaWFzRGF0YV8QjS4uLy4uLy4uL09uZURyaXZlLzBFZHVjYXRpb24vMElVX01TX0RhdGFfU2NpZW5jZS8wU3ByaW5nXzIwMTYvTGF3RGF0YVByb2plY3QvQ29uZmVyZW5jZSBQcm9qZWN0L1Jlc2VhcmNoL1JldHJpZXZhbENhc2VMYXctTGF5bWFuTGlhYmlsaXR5LnBkZtIXCxgZV05TLmRhdGFPEQKiAAAAAAKiAAIAAAxNYWNpbnRvc2ggSEQAAAAAAAAAAAAAAAAAAADQXAknSCsAAAL1foEfUmV0cmlldmFsQ2FzZUxhdy1MYSMyRjU3RTkzLnBkZgAAAAAAAAAAAAAAAAAAAAAAAAAAAAAAAAAAAAAAAAAAAvV+k9M+WRZQREYgQ0FSTwADAAgAAAkgAAAAAAAAAAAAAAAAAAAACFJlc2VhcmNoABAACAAA0FxBZwAAABEACAAA0z6RVgAAAAEAJAL1foEC9MknArz1YwJRLjEA+sGrAObuFwARUWEACUPeAAKT1QACAKZNYWNpbnRvc2ggSEQ6VXNlcnM6AEtyaXN0aW5EYXk6AE9uZURyaXZlOgAwRWR1Y2F0aW9uOgAwSVVfTVNfRGF0YV9TY2llbmNlOgAwU3ByaW5nXzIwMTY6AExhd0RhdGFQcm9qZWN0OgBDb25mZXJlbmNlIFByb2plY3Q6AFJlc2VhcmNoOgBSZXRyaWV2YWxDYXNlTGF3LUxhIzJGNTdFOTMucGRmAA4ASgAkAFIAZQB0AHIAaQBlAHYAYQBsAEMAYQBzAGUATABhAHcALQBMAGEAeQBtAGEAbgBMAGkAYQBiAGkAbABpAHQAeQAuAHAAZABmAA8AGgAMAE0AYQBjAGkAbgB0AG8AcwBoACAASABEABIAlVVzZXJzL0tyaXN0aW5EYXkvT25lRHJpdmUvMEVkdWNhdGlvbi8wSVVfTVNfRGF0YV9TY2llbmNlLzBTcHJpbmdfMjAxNi9MYXdEYXRhUHJvamVjdC9Db25mZXJlbmNlIFByb2plY3QvUmVzZWFyY2gvUmV0cmlldmFsQ2FzZUxhdy1MYXltYW5MaWFiaWxpdHkucGRmAAATAAEvAAAVAAIAEf//AACABtIbHB0eWiRjbGFzc25hbWVYJGNsYXNzZXNdTlNNdXRhYmxlRGF0YaMdHyBWTlNEYXRhWE5TT2JqZWN00hscIiNcTlNEaWN0aW9uYXJ5oiIgXxAPTlNLZXllZEFyY2hpdmVy0SYnVHJvb3SAAQAIABEAGgAjAC0AMgA3AEAARgBNAFUAYABnAGoAbABuAHEAcwB1AHcAhACOAR4BIwErA9ED0wPYA+MD7AP6A/4EBQQOBBMEIAQjBDUEOAQ9AAAAAAAAAgEAAAAAAAAAKAAAAAAAAAAAAAAAAAAABD8=},
	Bdsk-Url-1 = {http://proxyiub.uits.iu.edu/login?url=http://search.ebscohost.com.proxyiub.uits.iu.edu/login.aspx?direct=true&db=edselc&AN=edselc.2-52.0-56749157060&site=eds-live&scope=site}}

@misc{SciKit,
	Date-Added = {2016-05-04 21:53:47 +0000},
	Date-Modified = {2016-05-04 21:54:16 +0000},
	Howpublished = {\url{http://scikit-learn.org/stable/index.html}},
	Title = {SciKit Learn},
	Viewport = {width=device-width, initial-scale=1.0},
	Year = {2014}}

@misc{LabelProp,
	Date-Added = {2016-05-04 21:49:57 +0000},
	Date-Modified = {2016-05-04 21:50:51 +0000},
	Howpublished = {\url{http://scikit-learn.org/stable/modules/label_propagation.html}},
	Title = {SciKit Learn 1.14.1 Label Propagation},
	Viewport = {width=device-width, initial-scale=1.0},
	Year = {2014}}

@inproceedings{bochereau1991extracting,
	Author = {Bochereau, Laurent and Bourcier, Dani{\`e}le and Bourgine, Paul},
	Booktitle = {Proceedings of the 3rd international conference on Artificial intelligence and law},
	Date-Added = {2016-05-04 21:30:12 +0000},
	Date-Modified = {2016-05-04 21:30:12 +0000},
	Organization = {ACM},
	Pages = {288--296},
	Title = {Extracting legal knowledge by means of a multilayer neural network application to municipal jurisprudence},
	Year = {1991}}

@inproceedings{merkl1997exploration,
	Author = {Merkl, Dieter and Schweighofer, Erich},
	Booktitle = {Proceedings of the 6th international conference on Artificial intelligence and law},
	Date-Added = {2016-05-04 21:29:06 +0000},
	Date-Modified = {2016-05-04 21:29:06 +0000},
	Organization = {ACM},
	Pages = {98--105},
	Title = {The exploration of legal text corpora with hierarchical neural networks: a guided tour in public international law},
	Year = {1997}}

@inproceedings{schweighofer2001automatic,
	Author = {Schweighofer, Erich and Rauber, Andreas and Dittenbach, Michael},
	Booktitle = {Proceedings of the 8th international conference on Artificial intelligence and law},
	Date-Added = {2016-05-04 21:28:14 +0000},
	Date-Modified = {2016-05-04 21:28:14 +0000},
	Organization = {ACM},
	Pages = {78--87},
	Title = {Automatic text representation, classification and labeling in European law},
	Year = {2001}}

@inproceedings{ruiz1998automatic,
	Author = {Ruiz, Miguel E and Srinivasan, Padmini},
	Booktitle = {Proceedings of the 8th ASIS SIG/CR Workshop on Classification Research},
	Date-Added = {2016-05-04 21:27:16 +0000},
	Date-Modified = {2016-05-04 21:27:16 +0000},
	Pages = {59--72},
	Title = {Automatic text categorization using neural networks},
	Year = {1998}}

@article{ChenLiuHo2013,
	Author = {Chen, Y.-L. ( 1 ) and Liu, Y.-H. ( 1 ) and Ho, W.-L. ( 2 )},
	Date-Added = {2016-05-04 15:49:41 +0000},
	Date-Modified = {2016-05-04 15:49:41 +0000},
	Issn = {15322882},
	Journal = {Journal of the American Society for Information Science and Technology},
	Keywords = {information retrieval, text mining},
	Number = {2},
	Pages = {280-290},
	Title = {A text mining approach to assist the general public in the retrieval of legal documents.},
	Url = {http://proxyiub.uits.iu.edu/login?url=http://search.ebscohost.com.proxyiub.uits.iu.edu/login.aspx?direct=true&db=edselc&AN=edselc.2-52.0-84872893410&site=eds-live&scope=site},
	Volume = {64},
	Year = {2013},
	Bdsk-Url-1 = {http://proxyiub.uits.iu.edu/login?url=http://search.ebscohost.com.proxyiub.uits.iu.edu/login.aspx?direct=true&db=edselc&AN=edselc.2-52.0-84872893410&site=eds-live&scope=site}}

@book{ChouHsing2010,
	Address = {Dept. of Information Management, National Central University},
	Author = {Chou, S. and Hsing, T.-P.},
	Date-Added = {2016-05-04 15:48:42 +0000},
	Date-Modified = {2016-05-04 15:48:42 +0000},
	Isbn = {3642136001},
	Series = {Lecture Notes in Computer Science},
	Title = {Text mining technique for Chinese written judgment of criminal case.},
	Url = {http://proxyiub.uits.iu.edu/login?url=http://search.ebscohost.com.proxyiub.uits.iu.edu/login.aspx?direct=true&db=edselc&AN=edselc.2-52.0-77954631618&site=eds-live&scope=site},
	Volume = {6122 LNCS},
	Year = {2010},
	Bdsk-Url-1 = {http://proxyiub.uits.iu.edu/login?url=http://search.ebscohost.com.proxyiub.uits.iu.edu/login.aspx?direct=true&db=edselc&AN=edselc.2-52.0-77954631618&site=eds-live&scope=site}}

@inproceedings{Moens2005,
	Address = {Katholieke Universiteit Leuven},
	Author = {Moens, M.-F.},
	Booktitle = {Proceedings of the International Conference on Artificial Intelligence and Law},
	Date-Added = {2016-05-04 15:48:25 +0000},
	Date-Modified = {2016-05-04 15:48:25 +0000},
	Number = {10th International Conference on Artificial Intelligence and Law, Proceedings of the Conference - ICAIL 2005},
	Pages = {141-145},
	Title = {Combining structured and unstructured information in a retrieval model for accessing legislation.},
	Url = {http://proxyiub.uits.iu.edu/login?url=http://search.ebscohost.com.proxyiub.uits.iu.edu/login.aspx?direct=true&db=edselc&AN=edselc.2-52.0-34548028838&site=eds-live&scope=site},
	Year = {2005},
	Bdsk-Url-1 = {http://proxyiub.uits.iu.edu/login?url=http://search.ebscohost.com.proxyiub.uits.iu.edu/login.aspx?direct=true&db=edselc&AN=edselc.2-52.0-34548028838&site=eds-live&scope=site}}

@article{Moens2001,
	Author = {Moens, M.-F.},
	Date-Added = {2016-05-04 15:48:10 +0000},
	Date-Modified = {2016-05-04 15:48:10 +0000},
	Issn = {09248463},
	Journal = {Artificial Intelligence and Law},
	Keywords = {Case retrieval model, Information discovery, Legal text retrieval, Machine learning},
	Number = {1},
	Pages = {29-57},
	Title = {Innovative techniques for legal text retrieval.},
	Url = {http://proxyiub.uits.iu.edu/login?url=http://search.ebscohost.com.proxyiub.uits.iu.edu/login.aspx?direct=true&db=edselc&AN=edselc.2-52.0-0035265285&site=eds-live&scope=site},
	Volume = {9},
	Year = {2001},
	Bdsk-Url-1 = {http://proxyiub.uits.iu.edu/login?url=http://search.ebscohost.com.proxyiub.uits.iu.edu/login.aspx?direct=true&db=edselc&AN=edselc.2-52.0-0035265285&site=eds-live&scope=site}}

@article{LiuChenHo2015,
	Abstract = {*In the legal domain, this method for statute prediction is a new research topic.*We predict relevant statutes for the problem described by everyday vocabulary.*The gap between lay terms and legal terms was remedied without using a synopsis.*Employing the Normalized Google Distance, SVM and Apriori algorithms into TPP.*The result shows the performance of TPP is accurately and effectively.},
	Author = {Liu, Yi-Hung and Chen, Yen-Liang and Ho, Wu-Liang},
	Date-Added = {2016-05-04 15:47:39 +0000},
	Date-Modified = {2016-05-04 15:47:39 +0000},
	Issn = {0306-4573},
	Journal = {Information Processing and Management},
	Pages = {194 - 211},
	Title = {Predicting associated statutes for legal problems.},
	Url = {http://proxyiub.uits.iu.edu/login?url=http://search.ebscohost.com.proxyiub.uits.iu.edu/login.aspx?direct=true&db=edselp&AN=S0306457314000636&site=eds-live&scope=site},
	Volume = {51},
	Year = {2015},
	Bdsk-File-1 = {YnBsaXN0MDDUAQIDBAUGJCVYJHZlcnNpb25YJG9iamVjdHNZJGFyY2hpdmVyVCR0b3ASAAGGoKgHCBMUFRYaIVUkbnVsbNMJCgsMDxJXTlMua2V5c1pOUy5vYmplY3RzViRjbGFzc6INDoACgAOiEBGABIAFgAdccmVsYXRpdmVQYXRoWWFsaWFzRGF0YV8Qli4uLy4uLy4uL09uZURyaXZlLzBFZHVjYXRpb24vMElVX01TX0RhdGFfU2NpZW5jZS8wU3ByaW5nXzIwMTYvTGF3RGF0YVByb2plY3QvQ29uZmVyZW5jZSBQcm9qZWN0L1Jlc2VhcmNoL1ByZWRpY3RpbmdBc3NvY2lhdGVkU3RhdHV0ZXNMZWdhbFByb2JsZW1zLnBkZtIXCxgZV05TLmRhdGFPEQK8AAAAAAK8AAIAAAxNYWNpbnRvc2ggSEQAAAAAAAAAAAAAAAAAAADQXAknSCsAAAL1foEfUHJlZGljdGluZ0Fzc29jaWF0ZSMyRjU4ODUzLnBkZgAAAAAAAAAAAAAAAAAAAAAAAAAAAAAAAAAAAAAAAAAAAvWIU9M+Z21QREYgQ0FSTwADAAgAAAkgAAAAAAAAAAAAAAAAAAAACFJlc2VhcmNoABAACAAA0FxBZwAAABEACAAA0z6frQAAAAEAJAL1foEC9MknArz1YwJRLjEA+sGrAObuFwARUWEACUPeAAKT1QACAKZNYWNpbnRvc2ggSEQ6VXNlcnM6AEtyaXN0aW5EYXk6AE9uZURyaXZlOgAwRWR1Y2F0aW9uOgAwSVVfTVNfRGF0YV9TY2llbmNlOgAwU3ByaW5nXzIwMTY6AExhd0RhdGFQcm9qZWN0OgBDb25mZXJlbmNlIFByb2plY3Q6AFJlc2VhcmNoOgBQcmVkaWN0aW5nQXNzb2NpYXRlIzJGNTg4NTMucGRmAA4AXAAtAFAAcgBlAGQAaQBjAHQAaQBuAGcAQQBzAHMAbwBjAGkAYQB0AGUAZABTAHQAYQB0AHUAdABlAHMATABlAGcAYQBsAFAAcgBvAGIAbABlAG0AcwAuAHAAZABmAA8AGgAMAE0AYQBjAGkAbgB0AG8AcwBoACAASABEABIAnlVzZXJzL0tyaXN0aW5EYXkvT25lRHJpdmUvMEVkdWNhdGlvbi8wSVVfTVNfRGF0YV9TY2llbmNlLzBTcHJpbmdfMjAxNi9MYXdEYXRhUHJvamVjdC9Db25mZXJlbmNlIFByb2plY3QvUmVzZWFyY2gvUHJlZGljdGluZ0Fzc29jaWF0ZWRTdGF0dXRlc0xlZ2FsUHJvYmxlbXMucGRmABMAAS8AABUAAgAR//8AAIAG0hscHR5aJGNsYXNzbmFtZVgkY2xhc3Nlc11OU011dGFibGVEYXRhox0fIFZOU0RhdGFYTlNPYmplY3TSGxwiI1xOU0RpY3Rpb25hcnmiIiBfEA9OU0tleWVkQXJjaGl2ZXLRJidUcm9vdIABAAgAEQAaACMALQAyADcAQABGAE0AVQBgAGcAagBsAG4AcQBzAHUAdwCEAI4BJwEsATQD9AP2A/sEBgQPBB0EIQQoBDEENgRDBEYEWARbBGAAAAAAAAACAQAAAAAAAAAoAAAAAAAAAAAAAAAAAAAEYg==},
	Bdsk-Url-1 = {http://proxyiub.uits.iu.edu/login?url=http://search.ebscohost.com.proxyiub.uits.iu.edu/login.aspx?direct=true&db=edselp&AN=S0306457314000636&site=eds-live&scope=site}}

@article{Dabney,
	Author = {Dabney, Daniel P.},
	Date-Added = {2016-05-02 14:48:25 +0000},
	Date-Modified = {2016-05-02 14:49:23 +0000},
	Issn = {00239283},
	Journal = {Law Library Journal},
	Keywords = {Databases, Law, Electronic information resource searching -- Evaluation, Automatic indexing, American Association of Law Libraries -- Congresses},
	Pages = {5 - 40},
	Title = {The curse of Thamus: an analysis of full-text legal document retrieval.},
	Url = {http://proxyiub.uits.iu.edu/login?url=http://search.ebscohost.com.proxyiub.uits.iu.edu/login.aspx?direct=true&db=llf&AN=502208261&site=eds-live&scope=site},
	Volume = {78},
	Year = {1986},
	Bdsk-Url-1 = {http://proxyiub.uits.iu.edu/login?url=http://search.ebscohost.com.proxyiub.uits.iu.edu/login.aspx?direct=true&db=llf&AN=502208261&site=eds-live&scope=site}}
